<collection xmlns="http://www.loc.gov/MARC21/slim"><record><leader>00765nam  2200205   450</leader><controlfield tag="001">968</controlfield><controlfield tag="003">http://montalegre.opacnet.com/OPAC/default.aspx?ContentAreaControl=ShowRegHoldings.ascx&amp;RegNo=16662</controlfield><datafield tag="100" ind1=" " ind2=" "><subfield code="a">19941218d1984    m  y0pory0103    ba</subfield></datafield><datafield tag="101" ind1="1" ind2=" "><subfield code="a">por</subfield><subfield code="c">eng</subfield></datafield><datafield tag="102" ind1=" " ind2=" "><subfield code="a">PT</subfield></datafield><datafield tag="200" ind1="1" ind2=" "><subfield code="a">Numa pensão alemã</subfield><subfield code="f">Katherine Mansfield</subfield><subfield code="g">trad. Ana Maria de Almeida Martins</subfield></datafield><datafield tag="210" ind1=" " ind2=" "><subfield code="a">Lisboa</subfield><subfield code="c">Difel</subfield><subfield code="d">D.L. 1984</subfield></datafield><datafield tag="215" ind1=" " ind2=" "><subfield code="a">126 p.</subfield><subfield code="d">23 cm</subfield></datafield><datafield tag="304" ind1=" " ind2=" "><subfield code="a">Tít. orig.: In a German pension</subfield></datafield><datafield tag="675" ind1=" " ind2=" "><subfield code="a">821.111(931)-32"19"</subfield><subfield code="3">997295</subfield></datafield><datafield tag="675" ind1=" " ind2=" "><subfield code="a">820-32 Mansfield, K.</subfield><subfield code="v">med</subfield><subfield code="z">por</subfield><subfield code="3">295989</subfield></datafield><datafield tag="700" ind1=" " ind2="1"><subfield code="a">Mansfield</subfield><subfield code="b">Katherine</subfield><subfield code="f">1888-1923</subfield><subfield code="3">42375</subfield></datafield><datafield tag="702" ind1=" " ind2="1"><subfield code="a">Martins</subfield><subfield code="b">Ana Maria Almeida</subfield><subfield code="f">1943-</subfield><subfield code="4">730</subfield><subfield code="3">69570</subfield></datafield><datafield tag="801" ind1=" " ind2="0"><subfield code="a">PT</subfield><subfield code="b">Biblioteca Municipal de Montalegre</subfield><subfield code="g">RPC</subfield></datafield><datafield tag="856" ind1=" " ind2=" "><subfield code="u">locateMedia.asp?cod=20060704105845&amp;ext=jpg</subfield><subfield code="z">CAPA</subfield></datafield><datafield tag="909" ind1="&#9;" ind2=" "><subfield code="a">1</subfield></datafield><datafield tag="966" ind1=" " ind2=" "><subfield code="a">0009178</subfield><subfield code="l">BMM</subfield><subfield code="s">SCG 821 MAN num</subfield></datafield></record></collection>